@article{SENER2013,
    author =       "{Secretaría de Energía}",
    title =        "Prospectiva de petróleo crudo y petrolíferos 2013-2027",
    journal =      "",
    volume =       "",
    number =       "",
    pages =        "",
    year =         "2013",
    DOI =          ""
}

@article{INEGI2015,
    author =       "{Instituto Nacional de Estadística y Geografía}",
    title =        "Encuesta intercensal",
    journal =      "",
    volume =       "",
    number =       "",
    pages =        "",
    year =         "2015",
    DOI =          ""
}

@article{INFO2019,
    author =       "{Instituto de Transparencia, Acceso a la Información Pública, Protección de Datos Personales y Rendición de Cuentas de la Ciudad de México}",
    title =        "{Consulta digital}",
    journal =      "",
    volume =       "",
    number =       "",
    pages =        "",
    year =         "2019",
    DOI =          ""
}

@article{OCDE2015,
    author =       "{Organización para la Cooperación y el Desarrollo Económicos}",
    title =        "{Estudios territoriales de la OCDE. Valle de México, México}",
    journal =      "",
    volume =       "",
    number =       "",
    pages =        "",
    year =         "2015",
    DOI =          ""
}

@article{AtlasREPSA,
    author =       "Antonio Lot and Marcela Pérez Escobedo and Guillermo Gil Alarcón and Saúl Rodríguez Palacios",
    title =        "{Atlas de riesgos de la Reserva Ecológica del Pedregal de San Ángel}",
    journal =      "Coordinación de la Investigación Científica",
    volume =       "",
    number =       "",
    pages =        "",
    year =         "2012",
    DOI =          ""
}

@article{LibroCL,
    author =       "Manuel García Gil and Ramón San Martín Páramo and HA Solano and Pau Francia Payàs",
    title =        "{Contaminación lumínica. Una visión desde el foco contaminante: el alumbrado artificial}",
    journal =      "Universidad Politécnica de Cataluña",
    volume =       "",
    number =       "",
    pages =        "",
    year =         "2012",
    DOI =          ""
}

@article{Stone2017,
    author =       "Taylor Stone",
    title =        "The value of darkness: a moral framework for urban nighttime lighting",
    journal =      "Science and Engineering Ethics",
    volume =       "24",
    number =       "2018",
    pages =        "607-628",
    year =         "2017",
    DOI =          ""
}

@article{Zari2018,
    author =       "Maibritt Pedersen Zari",
    title =        "The importance of urban biodiversity - an ecosystem services approach",
    journal =      "Biodiversity International Journal",
    volume =       "2",
    number =       "4",
    pages =        "357-360",
    year =         "2018",
    DOI =          ""
}

@article{Kocifaj2007,
    author =       "{Miroslav Kocifaj}",
    title =        "Light-pollution model for cloudy and cloudless night skies with ground-based light sources",
    journal =      "Applied Optics",
    volume =       "46",
    number =       "15",
    pages =        "3013-3022",
    year =         "2007",
    DOI =          ""
}

@article{Purcell&Morin2013,
    author =       "Edward Purcell and David Morin",
    title =        "Electricity and magnetism",
    journal =      "Cambridge University Press",
    volume =       "",
    number =       "",
    pages =        "",
    year =         "2013",
    DOI =          ""
}

@article{Halliday&Resnick2008,
    author =       "David Halliday and Robert Resnick and Jearl Walker",
    title =        "Fundamentals of Physics",
    journal =      "John Wiley and Sons, Inc.",
    volume =       "",
    number =       "",
    pages =        "",
    year =         "2008",
    DOI =          ""
}

@article{Born&Wolf2003,
    author =       "Max Born and Emil Wolf",
    title =        "Principles of optics",
    journal =      "Cambridge University Press",
    volume =       "",
    number =       "",
    pages =        "",
    year =         "2003",
    DOI =          ""
}

@article{NASA2007,
    author =       "{National Aeronautics and Space Administration}",
    title =        "Electromagnetic spectrum properties",
    journal =      "",
    volume =       "",
    number =       "",
    pages =        "",
    year =         "2007",
    DOI =          ""
}

@article{Jurgen1968,
    author =       "Jurgen Meyer",
    title =        "Radiometry and photometry: units and conversion factors",
    journal =      "Applied Optics",
    volume =       "7",
    number =       "10",
    pages =        "2081-2084",
    year =         "1968",
    DOI =          ""
}

@article{Leinert1998,
    author =       "Ch. Leinert and S. Bowyer and L. Haikala and M. Hanner and M. Hauser",
    title =        "The 1997 reference of diffuse night sky brightness",
    journal =      "Astronomy and Astrophysics Supplement Series",
    volume =       "1",
    number =       "127",
    pages =        "1-99",
    year =         "1998",
    DOI =          ""
}

@article{Matthews2008,
    author =       "Grant Matthews",
    title =        "{Celestial body irradiance determination from an underfilled satellite radiometer: application to albedo and thermal emission measurements of the Moon using CERES}",
    journal =      "Applied Optics",
    volume =       "47",
    number =       "27",
    pages =        "4981-4993",
    year =         "2008",
    DOI =          ""
}

@article{Kyba2017,
    author =       "Christopher Kyba and Andrej Mohar and Thomas Posch",
    title =        "{How bright is moonlight?}",
    journal =      "Astronomy and Geophysics",
    volume =       "58",
    number =       "1",
    pages =        "131-132",
    year =         "2017",
    DOI =          ""
}

@article{Hanel2018,
    author =       "Andreas Hanel and Thomas Posch and Salvador J. Ribas and Martin Aubé and Dan Duriscoe and Andreas Jechow and Zoltan Kollath and Dorien Lolkema and Chadwick Moore and Norbert Schmidt and Henk Spoelstra and Gunther Wuchterl and Christopher Kyba",
    title =        "Measuring night sky brightness: methods and challenges",
    journal =      "Journal of Quantitative Spectroscopy and Radiative Transfer",
    volume =       "205",
    number =       "",
    pages =        "278-290",
    year =         "2018",
    DOI =          ""
}

@article{Lohmann2016,
    author =       "Ulrike Lohmann and Felix Luond and Fabian Mahrt",
    title =        "An introduction to clouds: from microscale to climate",
    journal =      "Cambridge University Press",
    volume =       "",
    number =       "",
    pages =        "",
    year =         "2016",
    DOI =          ""
}

@article{Garstang1991,
    author =       "R. Garstang",
    title =        "Dust and light pollution",
    journal =      "Publications of the Astronomical Society of the Pacific",
    volume =       "103",
    number =       "",
    pages =        "1109-1116",
    year =         "1991",
    DOI =          ""
}

@article{Carabali2017,
    author =       "Giovanni Carabali and Héctor Estévez and Mauro Valdés-Barrón and Roberto Bonifaz-Alfonzo and David Riveros-Rosas and Víctor Velasco-Herrera and Felipe Vázquez-Gálvez",
    title =        "{Aerosol climatology over the Mexico City basin: characterization of optical properties}",
    journal =      "Atmospheric Research",
    volume =       "194",
    number =       "",
    pages =        "190-201",
    year =         "2017",
    DOI =          ""
}

@article{Holben1998,
    author =       "B. Holben and T. Eck and I. Slutsker and D. Tanré and J. Buis and A. Setzer and E. Vermote and J. Reagan and Y. Kaufman and T. Nakajima and F. Lavenu and I. Jankowiak and A. Smirnov",
    title =        "{AERONET. A federated instrument network and data archive for aerosol characterization}",
    journal =      "Remote Sensing of Environment",
    volume =       "66",
    number =       "1",
    pages =        "1-16",
    year =         "1998",
    DOI =          ""
}

@article{Solano2015,
    author =       "{HA. Solano and Miroslav Kocifaj}",
    title =        "Urban night-sky luminance due to different cloud types: a numerical experiment",
    journal =      "Lighting Research and Technology",
    volume =       "0",
    number =       "",
    pages =        "1-17",
    year =         "2015",
    DOI =          ""
}

@article{Foot1987,
    author =       "John Foot and Martin Leeson",
    title =        "Aerosol single-scattering albedo: a method for obtaining climatology data",
    journal =      "Atmospheric Environment",
    volume =       "21",
    number =       "7",
    pages =        "1665-1670",
    year =         "1987",
    DOI =          ""
}

@article{Twomey1967,
    author =       "S. Twomey",
    title =        "Light scattering by cloud layers",
    journal =      "Journal of the Atmospheric Sciences",
    volume =       "24",
    number =       "",
    pages =        "70-79",
    year =         "1967",
    DOI =          ""
}

@article{Solano2014,
    author =       "{HA. Solano and Miroslav Kocifaj}",
    title =        "Quanitative analysis of night skyglow amplification under cloudy conditions",
    journal =      "Monthly Notices of the Royal Astronomical Society",
    volume =       "443",
    number =       "",
    pages =        "3665-3674",
    year =         "2014",
    DOI =          ""
}

@article{Globaldiscussion,
    author =       "Nona Schulte and Etta Dannemann and Josiane Meier",
    title =        "{Light pollution. A global discussion}",
    journal =      "Helmholtz Centre for Environmental Research",
    volume =       "",
    number =       "",
    pages =        "",
    year =         "2018",
    DOI =          ""
}

@article{Ramos2012,
    author =       "Leonardo Ramos and Manuel Montenegro",
    title =        "{La generación de energía eléctrica en México}",
    journal =      "Tecnología y Ciencias del Agua",
    volume =       "3",
    number =       "4",
    pages =        "197-211",
    year =         "2012",
    DOI =          ""
}

@article{Solano2013,
    author =       "{HA. Solano and Miroslav Kocifaj}",
    title =        "Light pollution in ultraviolet and visible spectrum: effect on different visual perceptions",
    journal =      "PLOS ONE",
    volume =       "8",
    number =       "2",
    pages =        "1-15",
    year =         "2013",
    DOI =          ""
}

@article{Solano2013b,
    author =       "{HA. Solano and Miroslav Kocifaj}",
    title =        "Skyglow effects in UV and visible spectra: radiative fluxes",
    journal =      "Journal of Environmental Management",
    volume =       "127",
    number =       "",
    pages =        "300-307",
    year =         "2013",
    DOI =          ""
}

@article{Eldvidge2010,
    author =       "Christopher Elvidge and David Keith and Benjamin Tuttle and Kimberly Baugh",
    title =        "Spectral identification of lighting type and character",
    journal =      "Sensors",
    volume =       "10",
    number =       "",
    pages =        "3961-3988",
    year =         "2010",
    DOI =          ""
}

@article{Marin2009,
    author =       "Cipriano Marin",
    title =        "Starlight: a common heritage",
    journal =      "Proceedings of the International Astronomical Union",
    volume =       "5",
    number =       "",
    pages =        "449-456",
    year =         "2009",
    DOI =          ""
}

@article{Kocifaj2014,
    author =       "{Miroslav Kocifaj and HA. Solano} ",
    title =        "Skyglow: a retrieval of the approximate radiant intensity function of ground-based light sources",
    journal =      "Monthly Notices of the Royal Astronomical Society",
    volume =       "439",
    number =       "",
    pages =        "3405-3413",
    year =         "2014",
    DOI =          ""
}

@article{Kocifaj2016,
    author =       "{Miroslav Kocifaj and HA. Solano} ",
    title =        "Angular emission function of a city and skyglow modeling: a critical perspective",
    journal =      "Publications of the Astronomical Society of the Pacific",
    volume =       "128",
    number =       "",
    pages =        "1-16",
    year =         "2016",
    DOI =          ""
}

@article{Garstang1986,
    author =       "R. Garstang",
    title =        "Model for artificial night-sky illumination",
    journal =      "Publications of the Astronomical Society of the Pacific",
    volume =       "98",
    number =       "",
    pages =        "364-375",
    year =         "1986",
    DOI =          ""
}	

@article{Stevenson1987,
    author =       "D J Stevenson",
    title =        "{Origin of the Moon - the collision hypotesis}",
    journal =      "Annual review of Earth and Planetary Sciences",
    volume =       "15",
    number =       "1",
    pages =        "271--315",
    year =         "1987",
    DOI =          ""
}

@article{Stevenson&Bartlett2016,
    author =       "D J Stevenson and Benjamin C Bartlett",
    title =        "{Analysis of a Precambrian resonance-stabilizied day length}",
    journal =      "Geophysical Research Letters",
    volume =       "43",
   number =       "11",
    pages =        "5716--5724",
    year =         "2016",
    DOI =          ""
}


@article{Conway1982,
    author =       "B A Conway",
    title =        "On the history of the lunar orbit",
    journal =      "Icarus",
    volume =       "51",
    number =       "3",
    pages =        "610--622",
    year =         "1982",
    DOI =          ""
}

@article{Zahnle&Walker1987,
    author =       "Kevin Zahnle and James C Walker",
    title =        "{A constant daylength during the Precambrian era?}",
    journal =      "Precambrian Research",
    volume =       "37",
    number =       "2",
    pages =        "950--105",
    year =         "1987",
    DOI =          ""
}